<?xml version="1.0" encoding="UTF-8"?><collection xmlns="http://www.loc.gov/MARC21/slim"><record><leader>00433nam--2200169-i-4500</leader><controlfield tag="001">000047741</controlfield><controlfield tag="002">20161230</controlfield><controlfield tag="005">20161230201046</controlfield><controlfield tag="008">060222s1000------------r-----000-0-eng-d</controlfield><datafield ind1=" " ind2=" " tag="040"><subfield code="a">IFIN-HH</subfield></datafield><datafield ind1=" " ind2=" " tag="080"><subfield code="a">519.2</subfield></datafield><datafield ind1="1" ind2=" " tag="100"><subfield code="a">Wolberg,John R</subfield></datafield><datafield ind1="1" ind2="0" tag="245"><subfield code="a">Prediction analysis</subfield><subfield code="c">John r. wolberg</subfield></datafield><datafield ind1=" " ind2=" " tag="260"><subfield code="a">Princeton, N.J</subfield><subfield code="b">D.Van Nostrand Co.Inc</subfield><subfield code="c">1967</subfield></datafield><datafield ind1=" " ind2=" " tag="300"><subfield code="a">XI + 291 P</subfield></datafield><datafield ind1=" " ind2=" " tag="852"><subfield code="a">29837</subfield><subfield code="c">53.08</subfield></datafield><datafield ind1=" " ind2=" " tag="CAT"><subfield code="a">Sys</subfield><subfield code="c">20151028</subfield><subfield code="h">130019</subfield></datafield></record></collection>